<record><leader>00000cas a22000007a 4500</leader><controlfield tag="001">27029938</controlfield><controlfield tag="008">921125d18471852ctuwr ne      0    0eng d</controlfield><datafield ind1=" " ind2=" " tag="010"><subfield code="a">sn 92051540 </subfield></datafield><datafield ind1=" " ind2=" " tag="040"><subfield code="a">CNW</subfield><subfield code="b">eng</subfield><subfield code="c">CNW</subfield><subfield code="d">OCL</subfield><subfield code="d">OCLCQ</subfield><subfield code="d">OCLCF</subfield><subfield code="d">OCLCO</subfield></datafield><datafield ind1="1" ind2=" " tag="029"><subfield code="a">AU@</subfield><subfield code="b">000020125939</subfield></datafield><datafield ind1=" " ind2=" " tag="042"><subfield code="a">msc</subfield></datafield><datafield ind1=" " ind2=" " tag="043"><subfield code="a">n-usn--</subfield><subfield code="a">n-us-ct</subfield></datafield><datafield ind1="0" ind2="0" tag="245"><subfield code="a">New-England religious herald.</subfield></datafield><datafield ind1="3" ind2="0" tag="246"><subfield code="a">Religious herald</subfield></datafield><datafield ind1=" " ind2=" " tag="260"><subfield code="a">Hartford, Conn. :</subfield><subfield code="b">David B. Moseley</subfield></datafield><datafield ind1=" " ind2=" " tag="300"><subfield code="a">v.</subfield></datafield><datafield ind1=" " ind2=" " tag="310"><subfield code="a">Weekly</subfield></datafield><datafield ind1="0" ind2=" " tag="362"><subfield code="a">Vol. 5, no. 1 (Jan. 2, 1847)-v. 10, no. 52 (Dec. 25, 1852).</subfield></datafield><datafield ind1=" " ind2=" " tag="500"><subfield code="a">"New-England" appears above title ornament, 1849-1852.</subfield></datafield><datafield ind1=" " ind2=" " tag="515"><subfield code="a">Issues for Jan. 2, 1847-1852 also called: Whole no. 183-494.</subfield></datafield><datafield ind1=" " ind2=" " tag="530"><subfield code="a">Available on microfilm from Connecticut Historical Society, Hartford, Conn.</subfield></datafield><datafield ind1=" " ind2="0" tag="650"><subfield code="a">Temperance</subfield><subfield code="z">New England</subfield><subfield code="v">Newspapers.</subfield></datafield><datafield ind1=" " ind2="0" tag="650"><subfield code="a">Congregational churches</subfield><subfield code="z">New England</subfield><subfield code="v">Newspapers.</subfield></datafield><datafield ind1=" " ind2="0" tag="651"><subfield code="a">Hartford (Conn.)</subfield><subfield code="v">Newspapers.</subfield></datafield><datafield ind1=" " ind2="7" tag="655"><subfield code="a">Newspapers.</subfield><subfield code="2">fast</subfield><subfield code="0">(OCoLC)fst01423814</subfield></datafield><datafield ind1=" " ind2="7" tag="650"><subfield code="a">Congregational churches.</subfield><subfield code="2">fast</subfield><subfield code="0">(OCoLC)fst00875181</subfield></datafield><datafield ind1=" " ind2="7" tag="650"><subfield code="a">Temperance.</subfield><subfield code="2">fast</subfield><subfield code="0">(OCoLC)fst01147309</subfield></datafield><datafield ind1=" " ind2="7" tag="651"><subfield code="a">Connecticut</subfield><subfield code="z">Hartford.</subfield><subfield code="2">fast</subfield><subfield code="0">(OCoLC)fst01207441</subfield></datafield><datafield ind1=" " ind2="7" tag="651"><subfield code="a">New England.</subfield><subfield code="2">fast</subfield><subfield code="0">(OCoLC)fst01241913</subfield></datafield><datafield ind1=" " ind2=" " tag="752"><subfield code="a">United States</subfield><subfield code="b">Connecticut</subfield><subfield code="c">Hartford</subfield><subfield code="d">Hartford.</subfield></datafield><datafield ind1="0" ind2="0" tag="780"><subfield code="t">Religious herald (Hartford Conn. : 1844)</subfield><subfield code="w">(DLC)sn 85038314</subfield><subfield code="w">(OCoLC)12248357</subfield></datafield><datafield ind1="0" ind2="0" tag="785"><subfield code="t">Religious herald (Hartford, Conn. : 1853)</subfield><subfield code="w">(DLC)sn 92051541</subfield><subfield code="w">(OCoLC)27017798</subfield></datafield></record>